<?xml version="1.0" encoding="UTF-8"?><collection xmlns="http://www.loc.gov/MARC21/slim"><record><leader>00461nam--2200133-i-4500</leader><controlfield tag="001">000049224</controlfield><controlfield tag="002">20161230</controlfield><controlfield tag="005">20161230201047</controlfield><controlfield tag="008">060222s1000------------r-----000-0-eng-d</controlfield><datafield ind1=" " ind2=" " tag="080"><subfield code="a">546.37:546:546.35:546.3</subfield></datafield><datafield ind1=" " ind2=" " tag="100"><subfield code="a">Pascal, P</subfield></datafield><datafield ind1=" " ind2=" " tag="245"><subfield code="a">Complements au nouveau traite de chimie minerale. sous la direction de a.pacault et g.pannetier. vol.2: protatinium par r.muxart et r.guillaumont</subfield></datafield><datafield ind1=" " ind2=" " tag="260"><subfield code="a">Paris, Masson Et Cie, Editeurs, 1974, Ix+171p</subfield></datafield><datafield ind1=" " ind2=" " tag="852"><subfield code="a">43129</subfield></datafield></record></collection>